@article{Chertkov1999,
author = {Chertkov,Michael  and Pumir,Alain  and Shraiman,Boris I. },
title = {Lagrangian tetrad dynamics and the phenomenology of turbulence},
journal = {Physics of Fluids},
volume = {11},
number = {8},
pages = {2394-2410},
year = {1999},}


@article{cantwell1992,
author = {Cantwell,Brian J. },
title = {Exact solution of a restricted Euler equation for the velocity gradient tensor},
journal = {Physics of Fluids A: Fluid Dynamics},
volume = {4},
number = {4},
pages = {782-793},
year = {1992},
doi = {10.1063/1.858295},

URL = { 
        https://doi.org/10.1063/1.858295
    
},
eprint = { 
        https://doi.org/10.1063/1.858295
    
}

}
